<?xml version="1.0" encoding="UTF-8"?><collection xmlns="http://www.loc.gov/MARC21/slim"><record><leader>00413nam--2200121-i-4500</leader><controlfield tag="001">000010872</controlfield><controlfield tag="002">20161230</controlfield><controlfield tag="005">20161230201029</controlfield><controlfield tag="008">060222s1000------------r-----000-0-eng-d</controlfield><datafield ind1=" " ind2=" " tag="080"><subfield code="a">621.9(016)</subfield></datafield><datafield ind1=" " ind2=" " tag="245"><subfield code="a">Cataloage tehnice de produse si de carti de ma sini. nr.!. ghid de informare documentara ela borat pe baza materialelor din alte tari</subfield></datafield><datafield ind1=" " ind2=" " tag="260"><subfield code="a">Bucuresti, Inid-evidente Nationale- 1974. 110 P</subfield></datafield><datafield ind1=" " ind2=" " tag="852"><subfield code="a">D.2103</subfield></datafield></record></collection>